%% This BibTeX bibliography file was created using BibDesk.
%% http://bibdesk.sourceforge.net/


%% Created for Carlos Rodríguez Domínguez at 2020-12-15 11:01:00 +0100 


%% Saved with string encoding Unicode (UTF-8) 


@comment{jabref-meta: databaseType:bibtex;}


@book{OMSObesidadySobrepeso,
	author    = {Organización Mundial de la Salud, OMS},
	title     = {Obesidad y Sobrepeso},
	year      = {2025}
}

@article{ONUAAComercioAlimentosyObesidad,
	author  = {Organización de las Naciones Unidas para la Alimentación y la Agricultura},
	title   = {El Comercio de Alimentos y la Obesidad},
}

@article{NLMMealPlanningBenefits,
	author  = {National Library of Medicine},
	title = {Meal planning is associated with food variety, diet quality and body weight status in a large sample of French adults},
	link   = {https://pmc.ncbi.nlm.nih.gov/articles/PMC5288891/},
	
}

@article{NLMDifficultyEatingHealthy,
	author  = {Lappalainen, R et al.  European journal of clinical nutrition vol. },
	title = {Difficulties in trying to eat healthier: descriptive analysis of perceived barriers for healthy eating.},
	vol ={51},
	year = {1997}
}

@article{HowToMealPrep,
	author = {Tammy Overhoff},
	title = {How to Meal Prep For The Week},
	year = {2023}
	url = {https://www.organizeyourselfskinny.com/how-to-prep-food-for-the-week-in-1-afternoon/}
}

@article{helms2019,
	author    = {Helms, Eric R. and Prnjak, Katarina and Linardon, Jake},
	title     = {Towards a sustainable nutrition paradigm in physique sport: A narrative review},
	journal   = {Sports},
	volume    = {7},
	number    = {7},
	pages     = {172},
	year      = {2019},
	doi       = {10.3390/sports7070172},
	url       = {https://doi.org/10.3390/sports7070172}
}

@article{masoga2021,
	author    = {Masoga, S.},
	title     = {Nutrition information sources used by amateur bodybuilding athletes around Polokwane Municipality in Limpopo Province, South Africa},
	journal   = {Research Square},
	year      = {2021},
	doi       = {10.21203/rs.3.rs-978867/v1},
	url       = {https://doi.org/10.21203/rs.3.rs-978867/v1}
}

@article{benjamins2021,
	author    = {Benjamins, J. and Hilkens, L. and Cruyff, M. and Woertman, L.},
	title     = {Social media, body image and resistance training: Creating the perfect 'me'},
	journal   = {Sports Medicine - Open},
	volume    = {7},
	number    = {71},
	year      = {2021},
	doi       = {10.1186/s40798-021-00371-1},
	url       = {https://doi.org/10.1186/s40798-021-00371-1}
}

@article{ducrot2017,
	author    = {Ducrot, Pauline and M{\'e}jean, Caroline and All{\`e}s, Benjamin and Fassier, Pierre and Hercberg, Serge and P{\'e}neau, Sandrine},
	title     = {Meal planning is associated with food variety, diet quality and body weight status in a large sample of French adults},
	journal   = {International Journal of Behavioral Nutrition and Physical Activity},
	volume    = {14},
	number    = {12},
	year      = {2017},
	doi       = {10.1186/s12966-017-0461-7},
	url       = {https://doi.org/10.1186/s12966-017-0461-7}
}

@misc{fmi2015,
	author    = {{Food Marketing Institute}},
	title     = {U.S. Grocery Shopper Trends 2015},
	year      = {2015},
	publisher = {FMI},
	address   = {Arlington, VA},
	url       = {https://www.fmi.org/docs/default-source/research/us-grocery-shopper-trends-2015.pdf}
}

@misc{nielsen1994,
	author    = {Jakob Nielsen},
	title     = {Las diez heurísticas de usabilidad},
	year      = {1994},
	howpublished = {\url{https://www.nngroup.com/articles/ten-usability-heuristics}},
	note      = {Consultado en octubre de 2025}
}

@article{helms2019,
	author    = {Helms, Eric R. and Prnjak, Katarina and Linardon, Jake},
	title     = {Towards a sustainable nutrition paradigm in physique sport: A narrative review},
	journal   = {Sports},
	volume    = {7},
	number    = {7},
	pages     = {172},
	year      = {2019},
	doi       = {10.3390/sports7070172},
	url       = {https://doi.org/10.3390/sports7070172}
}

@article{masoga2021,
	author    = {Masoga, S.},
	title     = {Nutrition information sources used by amateur bodybuilding athletes around Polokwane Municipality in Limpopo Province, South Africa},
	journal   = {Research Square},
	year      = {2021},
	doi       = {10.21203/rs.3.rs-978867/v1},
	url       = {https://doi.org/10.21203/rs.3.rs-978867/v1}
}

@article{benjamins2021,
	author    = {Benjamins, J. and Hilkens, L. and Cruyff, M. and Woertman, L.},
	title     = {Social media, body image and resistance training: Creating the perfect 'me'},
	journal   = {Sports Medicine - Open},
	volume    = {7},
	number    = {71},
	year      = {2021},
	doi       = {10.1186/s40798-021-00371-1},
	url       = {https://doi.org/10.1186/s40798-021-00371-1}
}

@article{ducrot2017,
	author    = {Ducrot, Pauline and M{\'e}jean, Caroline and All{\`e}s, Benjamin and Fassier, Pierre and Hercberg, Serge and P{\'e}neau, Sandrine},
	title     = {Meal planning is associated with food variety, diet quality and body weight status in a large sample of French adults},
	journal   = {International Journal of Behavioral Nutrition and Physical Activity},
	volume    = {14},
	number    = {12},
	year      = {2017},
	doi       = {10.1186/s12966-017-0461-7},
	url       = {https://doi.org/10.1186/s12966-017-0461-7}
}

@article{liew2019usability,
	author    = {Liew, Mei and Zhang, Jing and See, Jian and Ong, Yew},
	title     = {Usability Challenges for Health and Wellness Mobile Apps: Mixed-Methods Study Among mHealth Experts and Consumers},
	journal   = {JMIR mHealth and uHealth},
	volume    = {7},
	number    = {1},
	year      = {2019},
	pages     = {e12160},
	doi       = {10.2196/12160},
	url       = {https://mhealth.jmir.org/2019/1/e12160}
}
@article{Lim2025CuestionarioUsabilidad,
	author    = {Lim, P.C. and Lim, Y.L. and Rajah, R. and others},
	title     = {Cuestionario de usabilidad para aplicaciones móviles de salud independientes o interactivas: una revisión sistemática},
	journal   = {BMC Digital Health},
	volume    = {3},
	number    = {},
	pages     = {11},
	year      = {2025},
	doi       = {10.1186/s44247-025-00150-y},
	url       = {https://bmcdigitalhealth.biomedcentral.com/articles/10.1186/s44247-025-00150-y}
}

@misc{wikipediaLessIsMore,
	author    = {{Wikipedia contributors}},
	title     = {{Less is more} --- Wikipedia, The Free Encyclopedia},
	year      = {2025},
	note      = {Consultado el 7 de octubre de 2025},
	url       = {https://en.wikipedia.org/wiki/Less_is_more}
}

@misc{fmi2015,
	author    = {{Food Marketing Institute}},
	title     = {U.S. Grocery Shopper Trends 2015},
	year      = {2015},
	publisher = {FMI},
	address   = {Arlington, VA},
	url       = {https://www.fmi.org/docs/default-source/research/us-grocery-shopper-trends-2015.pdf}
}

@misc{businessresearchinsights2024,
	author       = {{Business Research Insights}},
	title        = {Meal Planning App Market Report},
	year         = {2024},
	howpublished = {\url{https://www.businessresearchinsights.com/es/market-reports/meal-planning-app-market-113013}},
}

@report{mckinsey2023,
	author       = {{McKinsey \& Company}},
	title        = {The State of Consumer Health and Nutrition 2023},
	year         = {2023},
	howpublished = {\url{https://www.businessresearchinsights.com/es/market-reports/meal-planning-app-market-113013}},
}

@misc{johnshopkins2014,
	author       = {{Johns Hopkins Bloomberg School of Public Health}},
	title        = {Study Suggests Home Cooking is Main Ingredient in Healthier Diet},
	year         = {2014},
	howpublished = {\url{https://clf.jhsph.edu/about-us/news/news-2014/study-suggests-home-cooking-main-ingredient-healthier-diet}},
}

@article{ducrot2017,
	author    = {Ducrot, Pauline and M{\'e}jean, Caroline and All{\`e}s, Benjamin and Fassier, Pierre and Hercberg, Serge and P{\'e}neau, Sandrine},
	title     = {Meal planning is associated with food variety, diet quality and body weight status in a large sample of French adults},
	journal   = {International Journal of Behavioral Nutrition and Physical Activity},
	volume    = {14},
	number    = {12},
	year      = {2017},
	doi       = {10.1186/s12966-017-0461-7},
	url       = {https://doi.org/10.1186/s12966-017-0461-7}
}

@article{jneb2017,
	author    = {Dimitri, Carolyn and Rogus, Stephanie},
	title     = {The Effects of Consumer Knowledge on the Use of Grocery Lists},
	journal   = {Journal of Nutrition Education and Behavior},
	volume    = {49},
	number    = {8},
	pages     = {745--753},
	year      = {2017},
	doi       = {10.1016/j.jneb.2017.06.011},
	url       = {https://www.jneb.org/article/S1499-4046(17)30407-4/fulltext}
}

@misc{europeancommission2020,
	author       = {{European Commission}},
	title        = {Food Waste in the EU},
	year         = {2020},
	howpublished = {\url{https://food.ec.europa.eu/food-safety/food-waste_en}},
}

@misc{mealime2025,
	author       = {{Mealime}},
	title        = {Mealime - Meal Planner App},
	year         = {2025},
	howpublished = {\url{https://mealime.com/}},
}

@misc{yazio2025,
	author       = {{Yazio}},
	title        = {Yazio - Meal Planning and Calorie Counter},
	year         = {2025},
	howpublished = {\url{https://www.yazio.com/en}},
}

@misc{instacart2025,
	author       = {{Instacart}},
	title        = {Meal Planning with Instacart},
	year         = {2025},
	howpublished = {\url{https://www.instacart.com/meal-planning}},
}

@page{reactNative,
	author       = {{Meta Open Source}},
	title        = {React Native},
	howpublished = {\url{https://reactnative.dev/}},
	
}

@page{reactNativeComnty,
	author       = {{Meta Open Source}},
	title        = {Comunidades de React Native},
	howpublished = {\url{https://reactnative.dev/community/overview}},
	
}

@page{reactNativeRnd,
	author       = {{Meta Open Source}},
	title        = {Arquitectura de React Native},
	howpublished = {\url{https://reactnative.dev/architecture/overview}},
	
}

@manual{reactnative2025,
	title        = {React Native - Getting Started},
	author       = {{Meta Platforms, Inc.}},
	year         = {2025},
	url          = {https://reactnative.dev/docs/environment-setup},
}

@manual{firebase,
	title        = {Firebase, Google's mobile and web app development platform},
	year         = {2025},
	url          = {https://firebase.google.com/},
}

@manual{github2025,
	title        = {GitHub Docs - About version control and GitHub},
	author       = {{GitHub, Inc.}},
	year         = {2025},
	url          = {https://docs.github.com/en/get-started/using-git/about-git},
}

@manual{vscode2025,
	title        = {Visual Studio Code - Code Editing. Redefined},
	author       = {{Microsoft Corporation}},
	year         = {2025},
	url          = {https://code.visualstudio.com/},
}

@manual{npm2025,
	title        = {npm Documentation - About npm},
	author       = {{npm, Inc.}},
	year         = {2025},
	url          = {https://docs.npmjs.com/about-npm},
}

@manual{androidstudio2025,
	title        = {Android Studio - Official IDE for Android},
	author       = {{Google LLC}},
	year         = {2025},
	url          = {https://developer.android.com/studio},
}

@manual{camelCase,
	title        = {Camel case - Glossary},
	author       = {{Mozilla Developer Network (MDN)}},
	year         = {2025},
	url          = {https://developer.mozilla.org/en-US/docs/Glossary/Camel_case},
}

@manual{PascalCase,
	title        = {Pascal Case Converter and Guide},
	author       = {{Pascal Case}},
	year         = {2025},
	url          = {https://pascal-case.com/},
}